@inproceedings{sloan2002precomputed,
  title={Precomputed radiance transfer for real-time rendering in dynamic, low-frequency lighting environments},
  author={Sloan, Peter-Pike and Kautz, Jan and Snyder, John},
  booktitle={ACM Transactions on Graphics (TOG)},
  volume={21},
  number={3},
  pages={527--536},
  year={2002},
  organization={ACM}
}

@article{gu2002geometry,
	title={Geometry images},
	author={Gu, Xianfeng and Gortler, Steven J and Hoppe, Hugues},
	journal={ACM Transactions on Graphics (TOG)},
	volume={21},
	number={3},
	pages={355--361},
	year={2002},
	publisher={ACM}
}

@inproceedings{sinha2016deep,
	title={Deep learning 3D shape surfaces using geometry images},
	author={Sinha, Ayan and Bai, Jing and Ramani, Karthik},
	booktitle={European Conference on Computer Vision},
	pages={223--240},
	year={2016},
	organization={Springer}
}

@article{Geometric_deep_learning,
	author  = {Michael M. Bronstein and Joan Bruna and Yann LeCun and Arthur Szlam and Pierre Vandergheynst},
  	title     = {Geometric deep learning: going beyond Euclidean data},
  	journal   = {CoRR},
  	volume    = {abs/1611.08097},
  	year      = {2016},
  	url       = {http://arxiv.org/abs/1611.08097},
  	archivePrefix = {arXiv},
  	eprint    = {1611.08097},
  	timestamp = {Mon, 13 Aug 2018 16:48:20 +0200},
  	biburl    = {https://dblp.org/rec/bib/journals/corr/BronsteinBLSV16},
  	bibsource = {dblp computer science bibliography, https://dblp.org}
}

@article{CNN_on_Torus,
 author = {Maron, Haggai and Galun, Meirav and Aigerman, Noam and Trope, Miri and Dym, Nadav and Yumer, Ersin and Kim, Vladimir G. and Lipman, Yaron},
 title = {Convolutional Neural Networks on Surfaces via Seamless Toric Covers},
 journal = {ACM Trans. Graph.},
 issue_date = {July 2017},
 volume = {36},
 number = {4},
 month = jul,
 year = {2017},
 issn = {0730-0301},
 pages = {71:1--71:10},
 articleno = {71},
 numpages = {10},
 url = {http://doi.acm.org/10.1145/3072959.3073616},
 doi = {10.1145/3072959.3073616},
 acmid = {3073616},
 publisher = {ACM},
 address = {New York, NY, USA},
 keywords = {convolutional neural network, geometric deep learning, shape analysis, shape segmentation},
}

@article{Masci2015ShapeNetCN,
  title={ShapeNet: Convolutional Neural Networks on Non-Euclidean Manifolds},
  author={Jonathan Masci and Davide Boscaini and Michael M. Bronstein and Pierre Vandergheynst},
  journal={CoRR},
  year={2015},
  volume={abs/1501.06297}
}


