@inproceedings{ballaaa,
	title={Deep blabla},
	author={Sinha, Ayan and Bai, Jing and Ramani, Karthik},
	booktitle={European Conference on Computer Vision},
	pages={223--240},
	year={2016},
	organization={Springer}
}